@Book{Goodfellow2016,
  author    = {Ian Goodfellow and Yoshua Bengio and Aaron Courville},
  publisher = {MIT Press},
  title     = {Deep Learning},
  year      = {2016},
  note      = {\url{http://www.deeplearningbook.org}},
  groups    = {Grundlagen},
}

@Misc{Kumari2023,
  author        = {Nupur Kumari and Bingliang Zhang and Richard Zhang and Eli Shechtman and Jun-Yan Zhu},
  title         = {Multi-Concept Customization of Text-to-Image Diffusion},
  year          = {2023},
  archiveprefix = {arXiv},
  eprint        = {2212.04488},
  groups        = {Text-to-Image-Personalisierung},
  primaryclass  = {id='cs.CV' full_name='Computer Vision and Pattern Recognition' is_active=True alt_name=None in_archive='cs' is_general=False description='Covers image processing, computer vision, pattern recognition, and scene understanding. Roughly includes material in ACM Subject Classes I.2.10, I.4, and I.5.'},
}

@Book{Tunstall2023,
  author    = {Lewis Tunstall and Leandro von Werra and Thomas Wolf},
  publisher = {O'Reilly},
  title     = {Natural Language Processing mit Transformern},
  year      = {2023},
  isbn      = {978-3-96010-713-2},
  groups    = {Grundlagen},
}

@Misc{Keshtmand2022,
  author        = {Nawid Keshtmand and Raul Santos-Rodriguez and Jonathan Lawry},
  title         = {Understanding the properties and limitations of contrastive learning for Out-of-Distribution detection},
  year          = {2022},
  archiveprefix = {arXiv},
  eprint        = {2211.03183},
  groups        = {Contrastive Learning},
  primaryclass  = {id='cs.LG' full_name='Machine Learning' is_active=True alt_name=None in_archive='cs' is_general=False description='Papers on all aspects of machine learning research (supervised, unsupervised, reinforcement learning, bandit problems, and so on) including also robustness, explanation, fairness, and methodology. cs.LG is also an appropriate primary category for applications of machine learning methods.'},
}

@Misc{Khosla2021,
  author        = {Prannay Khosla and Piotr Teterwak and Chen Wang and Aaron Sarna and Yonglong Tian and Phillip Isola and Aaron Maschinot and Ce Liu and Dilip Krishnan},
  title         = {Supervised Contrastive Learning},
  year          = {2021},
  archiveprefix = {arXiv},
  eprint        = {2004.11362},
  primaryclass  = {id='cs.LG' full_name='Machine Learning' is_active=True alt_name=None in_archive='cs' is_general=False description='Papers on all aspects of machine learning research (supervised, unsupervised, reinforcement learning, bandit problems, and so on) including also robustness, explanation, fairness, and methodology. cs.LG is also an appropriate primary category for applications of machine learning methods.'},
}

@Misc{Khosla2021a,
  author        = {Prannay Khosla and Piotr Teterwak and Chen Wang and Aaron Sarna and Yonglong Tian and Phillip Isola and Aaron Maschinot and Ce Liu and Dilip Krishnan},
  title         = {Supervised Contrastive Learning},
  year          = {2021},
  archiveprefix = {arXiv},
  eprint        = {2004.11362},
  groups        = {Contrastive Learning},
  primaryclass  = {id='cs.LG' full_name='Machine Learning' is_active=True alt_name=None in_archive='cs' is_general=False description='Papers on all aspects of machine learning research (supervised, unsupervised, reinforcement learning, bandit problems, and so on) including also robustness, explanation, fairness, and methodology. cs.LG is also an appropriate primary category for applications of machine learning methods.'},
  ranking       = {rank5},
}

@Misc{Ravuri2019,
  author        = {Suman Ravuri and Oriol Vinyals},
  title         = {Classification Accuracy Score for Conditional Generative Models},
  year          = {2019},
  archiveprefix = {arXiv},
  eprint        = {1905.10887},
  groups        = {Synthetische Daten},
  primaryclass  = {id='cs.LG' full_name='Machine Learning' is_active=True alt_name=None in_archive='cs' is_general=False description='Papers on all aspects of machine learning research (supervised, unsupervised, reinforcement learning, bandit problems, and so on) including also robustness, explanation, fairness, and methodology. cs.LG is also an appropriate primary category for applications of machine learning methods.'},
}

@Misc{Chen2020,
  author        = {Ting Chen and Simon Kornblith and Mohammad Norouzi and Geoffrey Hinton},
  title         = {A Simple Framework for Contrastive Learning of Visual Representations},
  year          = {2020},
  archiveprefix = {arXiv},
  eprint        = {2002.05709},
  groups        = {Contrastive Learning},
  primaryclass  = {id='cs.LG' full_name='Machine Learning' is_active=True alt_name=None in_archive='cs' is_general=False description='Papers on all aspects of machine learning research (supervised, unsupervised, reinforcement learning, bandit problems, and so on) including also robustness, explanation, fairness, and methodology. cs.LG is also an appropriate primary category for applications of machine learning methods.'},
}

@Misc{Trabucco2023,
  author        = {Brandon Trabucco and Kyle Doherty and Max Gurinas and Ruslan Salakhutdinov},
  title         = {Effective Data Augmentation With Diffusion Models},
  year          = {2023},
  archiveprefix = {arXiv},
  eprint        = {2302.07944},
  groups        = {Synthetische Daten},
  primaryclass  = {id='cs.CV' full_name='Computer Vision and Pattern Recognition' is_active=True alt_name=None in_archive='cs' is_general=False description='Covers image processing, computer vision, pattern recognition, and scene understanding. Roughly includes material in ACM Subject Classes I.2.10, I.4, and I.5.'},
}

@Misc{Tewel2024,
  author        = {Yoad Tewel and Rinon Gal and Gal Chechik and Yuval Atzmon},
  title         = {Key-Locked Rank One Editing for Text-to-Image Personalization},
  year          = {2024},
  archiveprefix = {arXiv},
  eprint        = {2305.01644},
  groups        = {Text-to-Image-Personalisierung},
  primaryclass  = {id='cs.CV' full_name='Computer Vision and Pattern Recognition' is_active=True alt_name=None in_archive='cs' is_general=False description='Covers image processing, computer vision, pattern recognition, and scene understanding. Roughly includes material in ACM Subject Classes I.2.10, I.4, and I.5.'},
}

@Book{Zhou2021,
  author    = {Zhi-Hua Zhou},
  publisher = {Springer},
  title     = {Machine Learning},
  year      = {2021},
  isbn      = {978-981-15-1967-3},
  groups    = {Grundlagen},
}

@Book{Foster2020,
  author    = {David Foster},
  publisher = {O'Reilly},
  title     = {Generatives Deep Learning},
  year      = {2020},
  groups    = {Grundlagen},
}

@Book{Mitchell1997,
  author    = {Tom M. Mitchell},
  publisher = {McGraw Hill},
  title     = {Machine Learning},
  year      = {1997},
  groups    = {Grundlagen},
}

@Comment{jabref-meta: databaseType:bibtex;}

@Comment{jabref-meta: grouping:
0 AllEntriesGroup:;
1 StaticGroup:Grundlagen\;0\;1\;0x0000ffff\;\;\;;
1 StaticGroup:Synthetische Daten\;0\;1\;0x4d8080ff\;\;\;;
2 StaticGroup:Text-to-Image-Personalisierung\;0\;1\;0x008080ff\;\;\;;
1 StaticGroup:Contrastive Learning\;0\;1\;0xff0000ff\;\;\;;
}
