% Eine exemplarische Sammlung von Büchern und anderen Quellen für das Literaturverzeichnis.

% typischer Eintrag für ein Buch; "voss" ist ein frei wählbares Wort, das für Befehle wie \cite verwendet wird
@book{voss,
AUTHOR = {Herbert Voß},
TITLE = {Die wissenschaftliche Arbeit mit LaTeX},
SUBTITLE = {unter Verwendung von LuaTeX, KOMA-Script und Biber/BibLaTeX},
PUBLISHER = {Lehmanns Media},
LOCATION = {Berlin},
EDITION = 2,
YEAR = 2021,
}

% typischer Eintrag für einen Fachartikel
@article{weitz2,
AUTHOR={Weitz, Edmund},
TITLE={Hausdorff's forgotten proof that almost all numbers are normal},
JOURNAL={Math. Semesterberichte},
DATE={2021-10-01},
VOLUME={68},
NUMBER={2},
PAGES={273-282},
ISSN={1432-1815},
DOI={10.1007/s00591-021-00303-w},
URL={https://doi.org/10.1007/s00591-021-00303-w},
}

% typischer Eintrag für eine Internetquelle; beachten Sie URLDATE
@online{zappa,
AUTHOR = {Frank Zappa},
TITLE = {Apostrophe (')},
SUBTITLE = {Stink-Foot},
URL = {http://www.donlope.net/fz/lyrics/Apostrophe_(').html},
URLDATE = {2022-03-11},
PUBLISHER = {DiscReet},
LOCATION = {Hollywood},
YEAR = {1974},
}

@book{schlosser,
AUTHOR = {Joachim Schlosser},
TITLE = {Wissenschaftliche Arbeiten schreiben mit LaTeX},
SUBTITLE = {Leitfaden für Einsteiger},
PUBLISHER = {mitp},
LOCATION = {Frechen},
EDITION = 7,
YEAR = {2021},
}

@book{weitz,
AUTHOR = {Edmund Weitz},
TITLE = {Pi und die Primzahlen},
SUBTITLE = {Eine Entdeckungsreise in die Mathematik},
PUBLISHER = {Springer},
LOCATION = {Berlin \& Heidelberg},
YEAR = {2021},
}

% ein Eintrag, der nicht im Literaturverzeichnis auftaucht, weil er nicht zitiert wird
@book{rand,
AUTHOR = {{Rand Corporation}},
TITLE = {A million random digits with 100,000 normal deviates},
PUBLISHER = {Free Press},
YEAR = {1955},
}
